@article{harvey2024transfer,
title={Transfer Learning with Informative Priors: Simple Baselines Better than Previously Reported},
author={Ethan Harvey and Mikhail Petrov and Michael C Hughes},
journal={Transactions on Machine Learning Research},
issn={2835-8856},
year={2024},
url={https://openreview.net/forum?id=BbvSU02jLg},
note={Reproducibility Certification}
}

@InProceedings{Huang_2024_CVPR,
    author    = {Huang, Zhe and Jiang, Ruijie and Aeron, Shuchin and Hughes, Michael C.},
    title     = {Systematic Comparison of Semi-supervised and Self-supervised Learning for Medical Image Classification},
    booktitle = {Proceedings of the IEEE/CVF Conference on Computer Vision and Pattern Recognition (CVPR)},
    month     = {June},
    year      = {2024},
    pages     = {22282-22293}
}


@InProceedings{huang2024interlude,
  title = 	 {{I}nter{LUDE}: Interactions between Labeled and Unlabeled Data to Enhance Semi-Supervised Learning},
  author =       {Huang, Zhe and Yu, Xiaowei and Zhu, Dajiang and Hughes, Michael C},
  booktitle = 	 {Proceedings of the 41st International Conference on Machine Learning},
  pages = 	 {20452--20473},
  year = 	 {2024},
  volume = 	 {235},
  series = 	 {Proceedings of Machine Learning Research},
  url = 	 {https://proceedings.mlr.press/v235/huang24af.html},
}


