@inproceedings{hughes2018semisupervisedPCtopics,
  title={Semi-Supervised Prediction-Constrained Topic Models},
  author={Michael C. Hughes and Gabriel Hope and Leah Weiner and Thomas H. McCoy and Roy H. Perlis and Erik B. Sudderth and Finale
 Doshi-Velez},
  booktitle={Artificial Intelligence and Statistics},
  year={2018},
}

@inproceedings{wu2018treeregularization,
  title={Beyond Sparsity: Tree Regularization of Deep Models for Interpretability},
  author={Wu, Mike and Hughes, Michael C and Parbhoo, Sonali and Zazzi, Maurizio and Roth, Volker and Doshi-Velez, Finale},
  booktitle={AAAI Conference on Artificial Intelligence},
  year={2018},
}

@inproceedings{ross2017right,
  title={Right for the Right Reasons: Training Differentiable Models by Constraining their Explanations},
  author={Andrew Ross and Michael C Hughes and Finale Doshi-Velez},
  booktitle ={International Joint Conference on Artificial Intelligence},
  year={2017},
}

@inproceedings{ji2017hdpgrid,
  title={From Patches to Images: A Nonparametric Generative Model},
  author={Ji, Geng and Hughes, Michael C and Sudderth, Erik B},
  booktitle={International Conference on Machine Learning},
  year={2017},
}

@article{hughes2016sLDARecogNetwork,
  author = {Michael C. Hughes and Huseyin Melih Elibol and Thomas McCoy and Roy Perlis and Finale Doshi-Velez},
  title = {Supervised topic models for clinical interpretability},
  year = {2016},
  journal = {arXiv preprint arXiv:1612.01678v1},
}

@inproceedings{hughes2015hdphmm,
    author = {Michael C. Hughes and William T. Stephenson and Erik B. Sudderth},
    title = {Scalable Adaptation of State Complexity for Nonparametric Hidden {M}arkov Models},
  booktitle={Neural Information Processing Systems},
  year={2015}
}

@inproceedings{hughes2015reliable,
  author    = {Michael C. Hughes and Dae Il Kim and
               Erik B. Sudderth},
  title     = {Reliable and Scalable Variational Inference for the Hierarchical {D}irichlet Process},
  year      = {2015},
  booktitle ={Artificial Intelligence and Statistics},
}

@article{fox2014aoasbphmm,
  title={Joint modeling of multiple time series via the beta process with application to motion capture segmentation},
  author={Fox, Emily B. and Hughes, Michael C. and Sudderth, Erik B. and Jordan, Michael I.},
  journal={Annals of Applied Statistics},
  volume={8},
  number={3},
  pages={1281-1313},
  year={2014},
}

@inproceedings{hughes2013memoized,
  author    = {Michael C. Hughes and
               Erik B. Sudderth},
  title     = {Memoized Online Variational Inference for {D}irichlet Process Mixture Models},
  booktitle ={Neural Information Processing Systems},
  year      = {2013},
}

@inproceedings{kim2012nmdr,
  title={The nonparametric metadata dependent relational model},
  author={Kim, Dae Il and Hughes, Michael and Sudderth, Erik},
  booktitle={International Conference on Machine Learning},
  year={2012}
}
