%%
%% MacrosForJournalNames.bib
%% Journals and Conferences full names
%% Mike Hughes and Erik Sudderth
%%


%%%%%%%%%%%%%%%%
%% IEEE Journals
%%%%%%%%%%%%%%%%
@STRING{ieeeAC = "IEEE Transactions on Automatic Control"}
@STRING{ieeeAES = "IEEE Transactions on Aerospace and Electronic Systems"}
@STRING{ieeeASSP = "IEEE Transactions on Acoustics, Speech, and Signal Processing"}
@STRING{ieeeClet = "IEEE Communications Letters"}
@STRING{ieeeCmag = "IEEE Communications Magazine"}
@STRING{ieeeGR = "IEEE Transactions on Geoscience and Remote Sensing"}
@STRING{ieeeIP = "IEEE Transactions on Image Processing"}
@STRING{ieeeIT = "IEEE Transactions on Information Theory"}
@STRING{ieeeKDE = "IEEE Transactions on Knowledge and Data Engineering"}
@STRING{ieeeMI = "IEEE Transactions on Medical Imaging"}
@STRING{ieeeNN = "IEEE Transactions on Neural Networks"}
@STRING{ieeePAMI = "IEEE Transactions on Pattern Analysis and Machine Intelligence"}
@STRING{ieeeProc = "Proceedings of the IEEE"}
@STRING{ieeeSAC = "IEEE Journal on Selected Areas in Communications"}
@STRING{ieeeSAP = "IEEE Transactions on Speech and Audio Processing"}
@STRING{ieeeSP = "IEEE Transactions on Signal Processing"}
@STRING{ieeeSPlet = "IEEE Signal Processing Letters"}
@STRING{ieeeSPmag = "IEEE Signal Processing Magazine"}
@STRING{ieeeTC = "IEEE Transactions on Computers"}


%%%%%%%%%%%%%%%%
%% SIAM Journals
%%%%%%%%%%%%%%%%
@STRING{siamADM = "SIAM Journal on Algebraic and Discrete Methods"}
@STRING{siamComp = "SIAM Journal on Computing"}
@STRING{siamC = "SIAM Journal on Control"}
@STRING{siamCO = "SIAM Journal on Control and Optimization"}
@STRING{siamMA = "SIAM Journal on Matrix Analysis and Applications"}
@STRING{siamO = "SIAM Journal on Optimization"}
@STRING{siamOLD = "Journal of the SIAM"}
@STRING{siamRev = "SIAM Review"}
@STRING{siamSC = "SIAM Journal on Scientific Computing"}
@STRING{siamSSC = "SIAM Journal on Scientific and Statistical Computing"}


%%%%%%%%%%%%%%%
%% ACM Journals
%%%%%%%%%%%%%%%
@STRING{acmComm = "Communications of the ACM"}
@STRING{acmTOMS = "ACM Transactions on Mathematical Software"}


%%%%%%%%%%%%%%%%%%%%%%%%%%%%%%%%%%%%%%%%%%%%%%%%%
%% General Science / Statistical Physics Journals
%%%%%%%%%%%%%%%%%%%%%%%%%%%%%%%%%%%%%%%%%%%%%%%%%
@STRING{amsci = "American Scientist"}
@STRING{jphysA = "Journal of Physics A: Mathematical and General"}
@STRING{jstatM = "Journal of Statistical Mechanics: Theory and Experiment"}
@STRING{nature = "Nature"}
@STRING{pnas = "Proceedings of the National Academy of Sciences"}
@STRING{prevE = "Physical Review E"}
@STRING{prslB = "Proceedings of the Royal Society of London, Series B"}
@STRING{ptrslB = "Philophical Transactions of the Royal Society of London, Series B"}
@STRING{revmodphys = "Reviews of Modern Physics"}
@STRING{science = "Science"}


%%%%%%%%%%%%%%%%%%%%%%%%%%%%%%%%%%%%%%%%%%%%%%%%%%%%%%%%%%%%%%%%%%%%%%
%% Systems Theory / Control / Signal Processing Journals & Conferences
%%%%%%%%%%%%%%%%%%%%%%%%%%%%%%%%%%%%%%%%%%%%%%%%%%%%%%%%%%%%%%%%%%%%%%
@STRING{acssc = "Asilomar Conference on Signals, Systems, and Computers"}
@STRING{allerton = "Allerton Conference on Communication, Control, and Computing"}
@STRING{auto = "Automatica"}
@STRING{fusion = "International Conference on Information Fusion"}
@STRING{icassp = "International Conference on Acoustics, Speech, and Signal Processing"}
@STRING{icc = "International Conference on Communications"}
@STRING{icip = "International Conference on Image Processing"}
@STRING{ijc = "International Journal of Control"}
@STRING{infocont = "Information and Control"}
@STRING{ipsn = "Information Processing in Sensor Networks"}
@STRING{isit = "International Symposium on Information Theory"}
@STRING{jmsci = "Journal of Mathematical Sciences"}
@STRING{jmsec = "Journal of Mathematical Systems, Estimation, and Control"}
@STRING{mssp = "Multidimensional Systems and Signal Processing"}
@STRING{sigProc = "Signal Processing"}
@STRING{sspw = "IEEE Workshop on Statistical Signal Processing"}
@STRING{sysCtrlLet = "Systems \& Control Letters"}


%%%%%%%%%%%%%%%%%%%%%%%%%%%%%%%%%%%%
%% Statistics / Mathematics Journals
%%%%%%%%%%%%%%%%%%%%%%%%%%%%%%%%%%%%
@STRING{advCompMath = "Advances in Computational Mathematics"}
@STRING{amerStat = "American Statistician"}
@STRING{amsTrans = "Transactions of the AMS"}
@STRING{anMathStat = "Annals of Mathematical Statistics"}
@STRING{anAppStat = "Annals of Applied Statistics"}
@STRING{aoas = "Annals of Applied Statistics"}
@STRING{anProb = "Annals of Probability"}
@STRING{anStat = "Annals of Statistics"}
@STRING{bayesAnal = "Bayesian Analysis"}
@STRING{bayesStat = "Bayesian Statistics"}
@STRING{bernoulli = "Bernoulli"}
@STRING{biometrics = "Biometrics"}
@STRING{biometrika = "Biometrika"}
@STRING{canadaStat = "Canadian Journal of Statistics"}
@STRING{commStatSim = "Communications in Statistics--Simulation and Computation"}
@STRING{commStatTheory = "Communications in Statistics--Theory and Methods"}
@STRING{etna = "Electronic Transactions on Numerical Analysis"}
@STRING{internetMath = "Internet Mathematics"}
@STRING{jasa = "Journal of the American Statistical Association"}
@STRING{jcgs = "Journal of Computational and Graphical Statistics"}
@STRING{jrssB = "Journal of the Royal Statistical Society, Series B"}
@STRING{linAlgApp = "Linear Algebra and its Applications"}
@STRING{mathComp = "Mathematics of Computation"}
@STRING{mathCompMod = "Mathematical and Computer Modelling"}
@STRING{numLinAlg = "Journal on Numerical Linear Algebra"}
@STRING{optimEng = "Optimization and Engineering"}
@STRING{scanStat = "Scandinavian Journal of Statistics"}
@STRING{statComp = "Statistics and Computing"}
@STRING{statProbLet = "Statistics \& Probability Letters"}
@STRING{statSci = "Statistical Science"}
@STRING{statSin = "Statistica Sinica"}


%%%%%%%%%%%%%%%%%%%%%%%%%%%%%%%%%%%%%%%%%%%%%%%
%% Machine Learning / AI Journals & Conferences
%%%%%%%%%%%%%%%%%%%%%%%%%%%%%%%%%%%%%%%%%%%%%%%
@STRING{acl = "Proc. of the Annual Meeting of the Association for Computational Linguistics"}
@STRING{anMathAI = "Annals of Mathematics and Artificial Intelligence"}
@STRING{aij = "Artificial Intelligence"}
@STRING{aimag = "AI Magazine"}
@STRING{aistats = "Artificial Intelligence and Statistics"}
@STRING{dmkd = "Data Mining and Knowledge Discovery"}
@STRING{emnlp= "Empirical Methods in Natural Language Processing"}
@STRING{emnlpcnll= "Empirical Methods in Natural Language Processing and Computational Natural Language Learning"}
@STRING{icann = "International Conference on Artificial Neural Networks"}
@STRING{icml = "International Conference on Machine Learning"}
@STRING{icpr = "International Conference on Pattern Recognition"}
@STRING{ijcai = "International Joint Conference on Artificial Intelligence"}
@STRING{ijns = "International Journal of Neural Systems"}
@STRING{jair = "Journal of Artificial Intelligence Research"}
@STRING{jmlr = "Journal of Machine Learning Research"}
@STRING{jsai = "Journal of Japanese Society for Artificial Intelligence"}
@STRING{machineLearn = "Machine Learning"}
@STRING{neurComp = "Neural Computation"}
@STRING{neurNets = "Neural Networks"}
@STRING{network = "Network: Computation in Neural Systems"}
@STRING{nips = "Neural Information Processing Systems"}
@STRING{patRecLet = "Pattern Recognition Letters"}
@STRING{sdm = "SIAM International Conference on Data Mining"}
@STRING{sigir = "ACM SIGIR Conference on Information Retrieval"}
@STRING{uai = "Uncertainty in Artificial Intelligence"}
@STRING{aaai = "AAAI Conference on Artificial Intelligence"}
@STRING{prmi = "International Journal of Pattern Recognition and Machine Intelligence"}

%%%%%%%%%%%%%%%%%%%%%%%%%%%%%%%%%%%%%%%%%%%%%%%%%%%%
%% Computer Vision / Graphics Journals & Conferences
%%%%%%%%%%%%%%%%%%%%%%%%%%%%%%%%%%%%%%%%%%%%%%%%%%%%
@STRING{bmvc = "British Machine Vision Conf."}
@STRING{cviu = "Computer Vision and Image Understanding"}
@STRING{cvpr = "IEEE Conf. on Computer Vision and Pattern Recognition"}
@STRING{eccv = "European Conference on Computer Vision"}
@STRING{iccv = "International Conference on Computer Vision"}
@STRING{icra = "IEEE Conf. on Robotics and Automation"}
@STRING{ijcv = "International Journal of Computer Vision"}
@STRING{ivc = "Image and Vision Computing"}
@STRING{jmiv = "Journal of Mathematical Imaging and Vision"}
@STRING{josaA = "Journal of the Optical Society of America, Series A"}
@STRING{siggraph = "Proc. SIGGRAPH"}
@STRING{visRes = "Vision Research"}


%%%%%%%%%%%%%%%%
%% Miscellaneous
%%%%%%%%%%%%%%%%
@STRING{csStat = "Computing Science and Statistics"}
@STRING{ijhpca = "International Journal of High Performance Computing Applications"}
@STRING{natBureauStandards = "Journal of Research of the National Bureau of Standards"}
@STRING{opResLet = "Operations Research Letters"}