@inproceedings{broderick:sparseEdgeExchangeable,
    author = {Tamara Broderick and Diana Cai},
    title = {Edge-exchangeable graphs, sparsity, and power laws},
    booktitle = {{NIPS} Workshop on {B}ayesian non-parametrics: The next generation},
    year = {2015},
}


@inproceedings{ranganath:blackbox,
    author = {Ranganath, Rajesh and Gerrish, Sean and Blei, David},
    title = {Black-box variational inference},
    booktitle = aistats,
    year = {2014},
}

@inproceedings{kucukelbir:Stan,
    author = {Kucukelbir, Alp and Ranganath, Rajesh and Gelman, Andrew and Blei, David},
    title = {Automatic variational inference in {S}tan},
    booktitle = nips,
    year = {2015},
}

@inproceedings{kucukelbir:Stan,
    author = {Kucukelbir, Alp, Ranganath, Rajesh, Gelman, Andrew, and Blei, David},
    title = {Automatic variational inference in {S}tan},
    booktitle = nips,
    year = {2015},
}

@inproceedings{gan:deepTSBN,
    author = {Zhe Gan and Chunyuan Li and Ricardo Henao and David Carlson and Lawrence Carin},
    title = {Deep Temporal Sigmoid Belief Networks for Sequence Modeling},
    booktitle = nips,
    year = {2015},
}

@inproceedings{mnih:neuralVariational,
    author = {Mnih, A. and Gregor, K.},
    title = {Neural variational inference and learning in belief networks},
    booktitle = icml,
    year = {2014},
}

@inproceedings{ackermann:bregmanplusplus,
    author = {Ackermann, Marcel R. and Bl√∂mer, Johannes},
    title = {{B}regman clustering for separable instances},
    booktitle = {Proceedings of the 12th Scandinavian conference on Algorithm Theory ({SWAT})},
    year = {2010},
}

@inproceedings{arthur:kmeansplusplus,
    title = {k-means++: The advantages of careful seeding},
    author = {Arthur, D. and Vassilvitskii, S.},
    booktitle = {ACM-SIAM Symposium on Discrete Algorithms},
    year = {2007},
}

@article{agarwal:GeometricViewConjPrior,
    author = {Agarwal, A. and Daume III, H.},
    title = {A Geometric View of Conjugate Priors},
    booktitle = mlj,
    year = {2010},
}

@inproceedings{nielson:kmle,
    author = {Nielson, Frank},
    title = {{K}-{MLE}: A fast algorithm for learning statistical mixture models},
    booktitle = icassp,
    year = {2012},
}

@article{banerjee:clusteringWithBregDiv,
 author = {Banerjee, Arindam and Merugu, Srujana and Dhillon, Inderjit S. and Ghosh, Joydeep},
 title = {Clustering with Bregman Divergences},
 journal = jmlr,
 volume = {6},
 year = {2005},
 pages = {1705--1749},
} 

@inproceedings{jiang:smallVarAsymptoticsForExpFam,
  author = {Jiang, Ke and Kulis, Brian and Jordan, Michael I.},
  title = {Small-Variance Asymptotics for Exponential Family Dirichlet Process mixture models},
  year={2012},
  booktitle=nips,
}

@article{NISTSpeakerDiar2007,
  author = "NIST",
  title = {Rich Transcriptions Database},
  journal = {http://www.nist.gov/speech/tests/rt/},
  year = {2007}
}

@inproceedings{vangael08,
	author = {Van Gael, J. and Saatci, Y. and Teh, Y. W. and Ghahramani, Z.},
	booktitle = icml,
	title = {Beam Sampling for the Infinite Hidden {M}arkov Model},
	year = {2008}
}

@article{wang2012split,
  title={A split-merge {MCMC} algorithm for the hierarchical {D}irichlet process},
  author={Wang, Chong and Blei, David M},
  journal={arXiv preprint arXiv:1201.1657},
  year={2012}
}

@article{rabiner89,
	Author = {L. R. Rabiner},
	Journal = {Proc. of the IEEE},
	Number = {2},
	Pages = {257--286},
	Title = {A Tutorial on Hidden {M}arkov Models and Selected Applications in Speech Recognition},
	Volume = {77},
	Year = {1989}}

@phdthesis{beal2003thesis,
  title={Variational algorithms for approximate Bayesian inference},
  author={Beal, Matthew James},
  year={2003},
  school={University of London}
}

@Book{bishop2006PRML,
  author={Christopher M. Bishop},
  title={Pattern Recognition and Machine Learning},
  publisher={Springer},
  year={2006},
}

@inproceedings{zhang2014maxmarginiHMM,
  title={Max-Margin Infinite Hidden Markov Models},
  author={Zhang, Aonan and Zhu, Jun and Zhang, Bo},
  booktitle=icml,
  year={2014}
}

@article{zhu2012medlda,
  title={Med{L}{D}{A}: maximum margin supervised topic models},
  author={Zhu, Jun and Ahmed, Amr and Xing, Eric P},
  journal={The Journal of Machine Learning Research},
  volume={13},
  number={1},
  pages={2237--2278},
  year={2012},
}

@inproceedings{zhu2010sceneupstream,
  title={Large margin learning of upstream scene understanding models},
  author={Zhu, Jun and Li, Li-Jia and Fei-Fei, Li and Xing, Eric P},
  booktitle=nips,
  year={2010}
}

@inproceedings{zhu2013gibbsmaxmargin,
  title={Gibbs Max-Margin Topic Models with Fast Sampling Algorithms},
  author={Zhu, Jun and Chen, Ning and Perkins, Hugh and Zhang, Bo},
  booktitle=icml,
  year={2013}
}


@inproceedings{li2009sceneunderstanding,
  title={Towards total scene understanding: Classification, annotation and segmentation in an automatic framework.},
  author={Li-Jia Li and Richard Socher and Fei-Fei Li},
  booktitle=cvpr,
  year={2009}, 
}

@inproceedings{mimno2008dmr,
  title={Topic models conditioned on arbitrary features with {D}irichlet-multinomial regression},
  author={David Mimno and Andrew Mc{C}allum},
  booktitle=uai,
  year={2008}
}
@inproceedings{kim2012nmdr,
  title={The nonparametric metadata dependent relational model},
  author={Kim, Dae Il and Hughes, Michael and Sudderth, Erik},
  booktitle=icml,
  year={2012}
}

@inproceedings{lacoste2009disclda,
  title={Disc{L}{D}{A}: Discriminative learning for dimensionality reduction and classification},
  author={Lacoste-Julien, Simon and Sha, Fei and Jordan, Michael I},
  booktitle=nips,
  year={2009},
}

@phdthesis{jebara2001medthesis,
  title={Discriminative, generative and imitative learning},
  author={Jebara, Tony},
  year={2001},
  school={Massachusetts Institute of Technology}
}

@inproceedings{blei2008sLDA,
  title={Supervised topic models},
  author={Mcauliffe, Jon D and Blei, David M},
  booktitle=nips,
  year={2008}
}

@inproceedings{zhang2013sHDP,
  title={Supervised Hierarchical {D}irichlet Processes with Variational Inference},
  author={Zhang, Cheng and Ek, Carl Henrik and Gratal, Xavi and Pokorny, Florian T and Kjellstrom, Hedvig},
  booktitle={ICCV Workshop on Inference for probabilistic graphical models},
  year={2013},
}



@inproceedings{verbeek:hdpimages,
  TITLE = {{Image categorization using {F}isher kernels of non-iid image models}},
  AUTHOR = {Cinbis, Ramazan Gokberk and Verbeek, Jakob and Schmid, Cordelia},
  YEAR = {2012},
  booktitle=cvpr,
}

@ARTICLE{sudderth08a,
  author = {Sudderth, E. B. and Torralba, A. and Freeman, W. T. and Willsky, A. S.},
  title = {Describing Visual Scenes Using Transformed Objects and Parts},
  journal = ijcv,
  year = {2008},
  volume = {77},
  pages = {291--330}
}


@article{sethuraman94,
	Author = {Sethuraman, J.},
	Journal = statSin,
	Pages = {639--650},
	Title = {A Constructive Definition of {D}irichlet Priors},
	Volume = {4},
	Year = {1994}}

@article{ferguson1973nonparametric,
  title={A Bayesian analysis of some nonparametric problems},
  author={Ferguson, Thomas S},
  year={1973},
  journal=anStat,
  volume={1},
  number={2},
  pages={209--230},
}

@article{antoniak1974dp,
  title={Mixtures of Dirichlet processes with applications to Bayesian nonparametric problems},
  author={Antoniak, Charles E},
  journal=anStat,
  pages={1152--1174},
  year={1974},
}
	
@book{pitman2006combinatorial,
  title={Combinatorial Stochastic Processes},
  author={Pitman, J. and Picard, J.},
  series={Combinatorial Stochastic Processes: {\'E}cole D'{\'E}t{\'e} de Probabilit{\'e}s de Saint-Flour XXXII - 2002},
  year={2006},
  publisher={Springer}
}

	
%%%%%%%%%%%%%%%%%%%%%%%%%%%%%%%%%%%%%%%%%%%%%%%%%%%%%%%%%%% General references
%%%%%%%%%%%%%%%%%%%%%%%%%%%%%%%%%%%%%%%%%%%%%%%%%%%%%%%%%%%

@incollection{orbanz:bnp,
  title={Bayesian nonparametric models},
  author={Orbanz, Peter and Teh, Yee Whye},
  booktitle={Encyclopedia of Machine Learning},
  pages={81--89},
  year={2010},
  publisher={Springer}
}

@article{blei2012topicmodels,
  title={Probabilistic topic models},
  author={Blei, David M},
  journal={Communications of the ACM},
  volume={55},
  number={4},
  pages={77--84},
  year={2012},
}

@phdthesis{sudderth:thesis,
  title={Graphical models for visual object recognition and tracking},
  author={Sudderth, Erik},
  year={2006},
  school={Massachusetts Institute of Technology}
}

%%%%%%%%%%%%%%%%%%%%%%%%%%%%%%%%%%%%%%%%%%%%%%%%%%%%%%%%%%% General references : VARIATIONAL
%%%%%%%%%%%%%%%%%%%%%%%%%%%%%%%%%%%%%%%%%%%%%%%%%%%%%%%%%%%

@article{wainwright:variational,
  title={Graphical models, exponential families, and variational inference},
  author={Wainwright, Martin J and Jordan, Michael I},
  journal={Foundations and Trends{\textregistered} in Machine Learning},
  volume={1},
  number={1-2},
  pages={1--305},
  year={2008},
  publisher={Now Publishers Inc.}
}


@incollection{neal:mem,
  title={A view of the {EM} algorithm that justifies incremental, sparse, and other variants},
  author={Neal, Radford M and Hinton, Geoffrey E},
  booktitle={Learning in graphical models},
  pages={355--368},
  year={1998},
  publisher={Springer}
}


%%%%%%%%%%%%%%%%%%%%%%%%%%%%%%%%%%%%%%%%%%%%%%%%%%%%%%%%%%% General references : LDA / topic models
%%%%%%%%%%%%%%%%%%%%%%%%%%%%%%%%%%%%%%%%%%%%%%%%%%%%%%%%%%%

@ARTICLE{griffiths:2004:fst,
    author = {Tom L Griffiths and Mark Steyvers},
    title = {Finding Scientific Topics},
    journal = pnas,
    year = {2004}
}


@ARTICLE{blei:lda,
  author = {Blei, David M. and Ng, Andrew Y. and Jordan, Michael I.},
  title = {Latent {D}irichlet allocation},
  journal = jmlr,
  year = {2003},
  volume = {3},
  pages = {993--1022},
}


@ARTICLE{teh:hdp,
  author = {Y. W. Teh and M. I. Jordan and M. J. Beal and D. M. Blei},
  title = {Hierarchical {D}irichlet Processes},
  journal = jasa,
  year = {2006},
  volume = {101},
  number = {476},
  pages = {1566--1581},
}

%%%%%%%%%%%%%%%%%%%%%%%%%%%%%%%%%%%%%%%%%%%%%%%%%%%%%%%%%%% ONLINE LEARNING
%%%%%%%%%%%%%%%%%%%%%%%%%%%%%%%%%%%%%%%%%%%%%%%%%%%%%%%%%%%
@article{robbins:learningrates,
  author    = {Herbert Robbins and Sutton Monro },
  title     = {A Stochastic Approximation Method},
  journal   = {The Annals of Mathematical Statistics},
  volume    = {22},
  number    = {3},
  year      = {1951},
}

@article{sato:online,
  author    = {Sato, M.},
  title     = {Online Model Selection Based on the Variational Bayes},
  journal   = neurComp,
  volume    = {13},
  number    = {7},
  year      = {2001},
}

@article{amari:ng,
  author    = {Amari, S.},
  title     = {Natural Gradient Works Efficiently in Learning},
  journal   = neurComp,
  year      = {1998},
  volume    = {10},
  number    = {2},
}

@article {hoffman:svi,
	author = {Matt Hoffman and David Blei and Chong Wang and John Paisley},
	title = {Stochastic Variational Inference},
	year = {2013},
	journal = jmlr,
	volume = {14},
	number = {1}
} 

%%%%%%%%%%%%%%%%%%%%%%%%%%%%%%%%%%%%%%%%%%%%%%%%%%%%%%%%%%% ONLINE + VARIATIONAL + LDA/HDP
%%%%%%%%%%%%%%%%%%%%%%%%%%%%%%%%%%%%%%%%%%%%%%%%%%%%%%%%%%%

@inproceedings{ranganath:adaptive,
  title={An adaptive learning rate for stochastic variational inference},
  author={Ranganath, Rajesh and Wang, Chong and David, Blei and Xing, Eric},
  year={2013},
  booktitle=icml,
}

@inproceedings{broderick:sva,
  title={Streaming Variational {B}ayes},
  author={Broderick, Tamara and Boyd, Nicholas and Wibisono, Andre and Wilson, Ashia C. and Jordan, Michael I.},
  booktitle=nips,
  year={2013},
}

@inproceedings{wang:ohdp,
 title={Online variational inference for the hierarchical {D}irichlet process},
 author={Wang, C. and Paisley, J. and Blei, D.},
 year={2011},
 booktitle=aistats
}

@inproceedings {paisley:diln,
	author = {John Paisley and Chong Wang and David Blei},
	title = {The discrete infinite logistic normal distribution for mixed-membership modeling},
	booktitle = aistats,
	year = {2011},
} 

@inproceedings{hoffman:olda,
  author    = {Matthew D. Hoffman and
               David M. Blei and
               Francis R. Bach},
  title     = {Online Learning for Latent Dirichlet Allocation},
  year      = {2010},
  booktitle = nips,
}


%%%%%%%%%%%%%%%%%%%%%%%%%%%%%%%%%%%%%%%%%%%%%%%%%%%%%%%%%%% ONLINE LEARNING WITH SPLIT/MERGE
%%%%%%%%%%%%%%%%%%%%%%%%%%%%%%%%%%%%%%%%%%%%%%%%%%%%%%%%%%%
@inproceedings{wang:trunc_free,
  title={Truncation-free online variational inference for {B}ayesian nonparametric models},
  author={Wang, Chong and Blei, David},
  booktitle=nips,
  year={2012}
}


@inproceedings{bryant:truly_hdp,
  author    = {Michael Bryant and
               Erik B. Sudderth},
  title     = {Truly Nonparametric Online Variational Inference for Hierarchical
               {D}irichlet Processes},
  booktitle = nips,
  year      = {2012},
}


%%%%%%%%%%%%%%%%%%%%%%%%%%%%%%%%%%%%%%%%%%%%%%%%%%%%%%%%%%% VARIATIONAL + DP MIXTURES
%%%%%%%%%%%%%%%%%%%%%%%%%%%%%%%%%%%%%%%%%%%%%%%%%%%%%%%%%%%
@article{kurihara:collapsed_dp,
  title={Collapsed Variational Dirichlet Process Mixture Models.},
  author={Kurihara, Kenichi and Welling, Max and Teh, Yee Whye},
  journal=ijcai,
  year={2007},
}

@article{blei:variational_dp,
  title={Variational inference for {D}irichlet process mixtures},
  author={Blei, David M and Jordan, Michael I},
  journal=bayesAnal,
  volume={1},
  number={1},
  pages={121--143},
  year={2006},
}

%%%%%%%%%%%%%%%%%%%%%%%%%%%%%%%%%%%%%%%%%%%%%%%%%%%%%%%%%%% TOPIC MODELS
%%%%%%%%%%%%%%%%%%%%%%%%%%%%%%%%%%%%%%%%%%%%%%%%%%%%%%%%%%%

@inproceedings{murray:chib,
  title={Evaluating probabilities under high-dimensional latent variable models},
  author={Murray, Iain and Salakhutdinov, Ruslan},
  booktitle=nips,
  year=2008,
 }
  
@inproceedings{wallach:etm,
  title={Evaluation methods for topic models},
  author={Wallach, Hanna M and Murray, Iain and Salakhutdinov, Ruslan and Mimno, David},
  booktitle=icml,
  year={2009},
}

@inproceedings{arora:anchor_topics,
 title={A Practical Algorithm for Topic Modeling with Provable Guarantees},
 author={S. Arora and
	 R. Ge and
	 Y. Halpern and 
	 D. Mimno and
	 A. Moitra and 
	 D. Sontag and
	 Y. Wu and M. Zhu},
 booktitle=icml,
 year={2013},
}


@inproceedings{madsen:bursty,
  title={Modeling word burstiness using the Dirichlet distribution},
  author={Madsen, Rasmus E and Kauchak, David and Elkan, Charles},
  year={2005},
  booktitle=icml,
}

@inproceedings{doyle:bursty,
  title={Accounting for burstiness in topic models},
  author={Doyle, Gabriel and Elkan, Charles},
  booktitle=icml,
  year={2009},
}

@inproceedings{hughes:moVB,
  author    = {Michael C. Hughes and
               Erik B. Sudderth},
  title     = {Memoized Online Variational Inference for {D}irichlet Process Mixture Models},
  year      = {2013},
  booktitle = nips,
}
@inproceedings{hughes:hdpreliable,
  author    = {Michael C. Hughes and Dae Il Kim and
               Erik B. Sudderth},
  title     = {Reliable and Scalable Variational Inference for the Hierarchical {D}irichlet Process},
  year      = {2015},
  booktitle = aistats,
}
@inproceedings{hughes:hdphmm,
  author    = {Michael C. Hughes and William Stephenson and
               Erik B. Sudderth},
  title     = {Scalable Adaptation of State Complexity for Nonparametric Hidden {M}arkov Models},
  year      = {2015},
  booktitle = nips,
}

@inproceedings{blei:vb_dp,
  author    = {David M. Blei and
               Michael I. Jordan},
  title     = {Variational methods for the Dirichlet process},
  year      = {2004},
  booktitle = icml,
}

@inproceedings{teh:cvhdp,
  author    = {Teh, Yee Whye and
               Kurihara, Kenichi and
               Welling, Max},
  title     = {Collapsed Variational Inference for {HDP}},
  booktitle = nips,
  year      = {2008},
}

@inproceedings{kim:nmdr,
  author    = {Kim, D. and
               Hughes, M. C. and
               Sudderth, E. B.},
  title     = {The Nonparametric Metadata Dependent Relational Model},
  booktitle = icml,
  year      = {2012},
}


@INPROCEEDINGS{chang:2009:tea,
  author = {Jonathan Chang and Jordan Boyd-Graber and Sean Gerrish and Chong Wang and David M. Blei},
  title = {Reading Tea Leaves: How Humans Interpret Topic Models},
  booktitle = nips,
  year = {2009}
}


@inproceedings{zoran2012natural,
  title={Natural images, {G}aussian mixtures and dead leaves},
  author={Zoran, Daniel and Weiss, Yair},
  booktitle=nips,
  year={2012}
}

@Article{arbelaez_pami2011,
 author = {Arbelaez, Pablo and Maire, Michael and Fowlkes, Charless and Malik, Jitendra},
 title = {Contour Detection and Hierarchical Image Segmentation},
 journal = ieeePAMI,
 volume = {33},
 number = {5},
 year = {2011},
 pages = {898--916},
} 

@inproceedings{stolcke1993HMMmerging,
  title={Hidden {M}arkov model induction by {B}ayesian model merging},
  author={Stolcke, Andreas and Omohundro, Stephen},
  booktitle=nips,
  year={1993},
}

@inproceedings{chang2014HDPsubclustersplit,
title = {Parallel Sampling of {HDPs} using Sub-Cluster Splits},
author = {Chang, Jason and Fisher III, John W},
booktitle = nips,
year = {2014},
}

%%%%%%%%%%%%%%%%%%%%%%%%%%  Split-merge for variational or EM
@article{ueda2000smem,
  title={{SMEM} algorithm for mixture models},
  author={Ueda, Naonori and Nakano, Ryohei and Ghahramani, Zoubin and Hinton, Geoffrey E},
  journal=neurComp,
  volume={12},
  number={9},
  pages={2109--2128},
  year={2000},
}

@article{Ueda2002,
author={Ueda, N. and Ghahramani, Z.},
title={Bayesian model search for mixture models based on optimizing variational bounds},
journal={Neural Networks},
volume={15},
number={1},
year={2002},
pages={1223-1241},
}

@article{JainNeal04,
    title = {A split-merge Markov chain Monte Carlo procedure for the Dirichlet process mixture model},
    author = {Jain, S. and Neal, R.M.},
    journal = {Journal of Computational and Graphical Statistics},
    volume = {13},
    number = {1},
    pages = {158--182},
    year = {2004},
}

@INPROCEEDINGS{Kurihara2006acceleratedDP,
    author = {Kurihara, K. and Welling, M. and Vlassis, N.},
    title = {Accelerated Variational {D}irichlet Process Mixtures},
    booktitle = nips,
    year = {2006},
}


%%%%%%%%%%%%%%%%%%%%%%%%%%  Relational models
@inproceedings{kemp2006irm,
  title={Learning systems of concepts with an infinite relational model},
  author={Kemp, Charles and Tenenbaum, Joshua B and Griffiths, Thomas L and Yamada, Takeshi and Ueda, Naonori},
  booktitle=aaai,
  year={2006}
}

@inproceedings{airoldi2009mmsb,
  title={Mixed membership stochastic blockmodels},
  author={Airoldi, Edoardo M and Blei, David M and Fienberg, Stephen E and Xing, Eric P},
  booktitle=nips,
  year={2009}
}

@inproceedings{kim2013hdpaMMSB,
  title={Efficient online inference for {B}ayesian nonparametric relational models},
  author={Kim, Dae Il and Gopalan, Prem and Blei, David and Sudderth, Erik},
  booktitle=nips,
  year={2013}
}

@inproceedings{blei2006dynamic,
  title={Dynamic topic models},
  author={Blei, David M and Lafferty, John D},
  booktitle=icml,
  year={2006},
}

%%%%%%%%%%%%%%%%%%%%%%%%%%  Sequential models

@article{ghahramani2001introhmm,
  title={An introduction to hidden {M}arkov models and {B}ayesian networks},
  author={Ghahramani, Zoubin},
  journal=prmi,
  volume={15},
  number={01},
  pages={9--42},
  year={2001},
}

@inproceedings{johnson2014stochastic,
    title={Stochastic Variational Inference for {B}ayesian Time Series Models},
    author={Johnson, Matthew J. and Willsky, Alan S.},
    booktitle=icml,
    year={2014}
}

@inproceedings{foti2014svihmm,
  title={Stochastic variational inference for hidden {M}arkov models},
  author={Foti, Nicholas and Xu, Jason and Laird, Dillon and Fox, Emily},
  booktitle=nips,
  year={2014},
}

@inproceedings{beal2001ihmm,
  title={The infinite hidden {M}arkov model},
  author={Beal, Matthew J. and Ghahramani, Zoubin and Rasmussen, Carl E.},
  booktitle=nips,
  year={2001}
}

@inproceedings{heller2009hhmm,
  title={Infinite hierarchical hidden Markov models},
  author={Heller, Katherine A. and Teh, Yee W. and G{\"o}r{\"u}r, Dilan},
  booktitle=aistats,
  year={2009}
}

@article{fox2011sticky,
  title={A sticky {HDP}-{HMM} with application to speaker diarization},
  author={Fox, Emily B. and Sudderth, Erik B. and Jordan, Michael I. and Willsky, Alan S.},
  journal=aoas,
  volume={5},
  number={2A},
  pages={1020--1056},
  year={2011},
}
@article{fox2014aoasbphmm,
  title={Joint modeling of multiple time series via the beta process with application to motion capture segmentation},
  author={Fox, Emily B. and Hughes, Michael C. and Sudderth, Erik B. and Jordan, Michael I.},
  journal=aoas,
  volume={8},
  number={3},
  pages={1281-1313},
  year={2014},
}

%%%%%%%%%%%%%%%%%%%%%%%%%%  Tree models
@article{crouse1998hmt,
  title={Wavelet-based statistical signal processing using hidden Markov models},
  author={Crouse, Matthew S. and Nowak, Robert D. and Baraniuk, Richard G.},
  journal=ieeeSP,
  volume={46},
  number={4},
  pages={886--902},
  year={1998},
}

@inproceedings{kivinen2007hdphmt,
  title={Learning multiscale representations of natural scenes using Dirichlet processes},
  author={Kivinen, Jyri J. and Sudderth, Erik B. and Jordan, Michael I.},
  booktitle=iccv,
  year={2007},
}

@inproceedings{finkel07itree,
  author = {Finkel, J. R. and Grenager, T. and Manning, C. D.},
  title = {The Infinite Tree},
  booktitle = acl,
  year = {2007},
}
        
@inproceedings{liang2007hdppcfg,
  title={The Infinite {PCFG} Using Hierarchical {D}irichlet Processes.},
  author={Liang, Percy and Petrov, Slav and Jordan, Michael I and Klein, Dan},
  booktitle=emnlp,
  year={2007},
}

%%%%%%%%%%%%%%%%%%%%%%%%%%  Spatial
@inproceedings{sudderth2009spatial,
  title={Shared segmentation of natural scenes using dependent Pitman-Yor processes},
  author={Sudderth, Erik B. and Jordan, Michael I.},
  booktitle=nips,
  year={2009}
}


%% ============================= MCMC
%% =============================
@article{andrieu2003introMCMC,
  title={An introduction to MCMC for machine learning},
  author={Andrieu, Christophe and De Freitas, Nando and Doucet, Arnaud and Jordan, Michael I.},
  journal=machineLearn,
  volume={50},
  number={1-2},
  pages={5--43},
  year={2003},
}


%% ============================= YELP
%% =============================
@inproceedings{huang2014restaurants,
  title={Improving Restaurants by Extracting Subtopics from Yelp Reviews},
  author={Huang, James and Rogers, Stephanie and Joo, Eunkwang},
  year={2014},
  booktitle={i{C}onference},
  publisher={i{S}chools}
}
@inproceedings{mcauley2013hidden,
  title={Hidden factors and hidden topics: understanding rating dimensions with review text},
  author={McAuley, Julian and Leskovec, Jure},
  booktitle={Proceedings of the 7th ACM conference on Recommender systems},
  year={2013},
}



%% ============================= Chromatin
%% =============================
@article{ernst2010discovery,
  title={Discovery and characterization of chromatin states for systematic annotation of the human genome},
  author={Ernst, Jason and Kellis, Manolis},
  journal={Nature {B}iotechnology},
  volume={28},
  number={8},
  pages={817--825},
  year={2010},
  publisher={Nature Publishing Group}
}

@article{ernst2011mapping,
  title={Mapping and analysis of chromatin state dynamics in nine human cell types},
  author={Ernst, Jason and Kheradpour, Pouya and Mikkelsen, Tarjei S and Shoresh, Noam and Ward, Lucas D and Epstein, Charles B and Zhang, Xiaolan and Wang, Li and Issner, Robbyn and Coyne, Michael and others},
  journal={Nature},
  volume={473},
  number={7345},
  pages={43--49},
  year={2011},
  publisher={Nature Publishing Group}
}

@article{ernst2012chromhmm,
  title={Chrom{HMM}: automating chromatin-state discovery and characterization},
  author={Ernst, Jason and Kellis, Manolis},
  journal={Nature methods},
  volume={9},
  number={3},
  pages={215--216},
  year={2012},
  publisher={Nature Publishing Group}
}

@article{hoffman2012integrative,
  title={Integrative annotation of chromatin elements from {ENCODE} data},
  author={Hoffman, Michael M. and Ernst, Jason and Wilder, Steven P. and Kundaje, Anshul and Harris, Robert S. and Libbrecht, Max and Giardine, Belinda and Ellenbogen, Paul M. and Bilmes, Jeffrey A. and Birney, Ewan and others},
  journal={Nucleic acids research},
  year={2012},
  publisher={Oxford Univ Press}
}

@article{hoffman2012unsupervised,
  title={Unsupervised pattern discovery in human chromatin structure through genomic segmentation},
  author={Hoffman, Michael M. and Buske, Orion J. and Wang, Jie and Weng, Zhiping and Bilmes, Jeff A. and Noble, William S.},
  journal={Nature methods},
  volume={9},
  number={5},
  pages={473--476},
  year={2012},
  publisher={Nature Publishing Group}
}



%% ============================= ACTIVITY RECOG
%% =============================

@article{koppula2013cad120,
  title={Learning human activities and object affordances from rgb-d videos},
  author={Koppula, Hema Swetha and Gupta, Rudhir and Saxena, Ashutosh},
  journal={The International Journal of Robotics Research},
  volume={32},
  number={8},
  pages={951--970},
  year={2013},
}

@inproceedings{sung2012cad60,
  title={Unstructured human activity detection from rgbd images},
  author={Sung, Jaeyong and Ponce, Colin and Selman, Bart and Saxena, Ashutosh},
  booktitle=icra,
  year={2012},
}
